<record><leader>00000cas a22000007a 4500</leader><controlfield tag="001">10691893</controlfield><controlfield tag="008">840504d18491955wvuwr ne      0    0eng d</controlfield><datafield ind1=" " ind2=" " tag="010"><subfield code="a">sn 84026824 </subfield></datafield><datafield ind1=" " ind2=" " tag="040"><subfield code="a">NPU</subfield><subfield code="b">eng</subfield><subfield code="c">NPU</subfield><subfield code="d">NPX</subfield><subfield code="d">WVC</subfield><subfield code="d">DLC</subfield><subfield code="d">WVC</subfield><subfield code="d">DLC</subfield><subfield code="d">MFN</subfield><subfield code="d">NVK</subfield><subfield code="d">OCL</subfield><subfield code="d">NVK</subfield><subfield code="d">OCL</subfield><subfield code="d">OCLCF</subfield><subfield code="d">OCLCO</subfield></datafield><datafield ind1="1" ind2=" " tag="029"><subfield code="a">AU@</subfield><subfield code="b">000025786430</subfield></datafield><datafield ind1=" " ind2=" " tag="042"><subfield code="a">msc</subfield></datafield><datafield ind1="0" ind2="0" tag="050"><subfield code="a">Newspaper 10185-X</subfield></datafield><datafield ind1="0" ind2="0" tag="245"><subfield code="a">Shepherdstown register.</subfield></datafield><datafield ind1="0" ind2="7" tag="246"><subfield code="a">Shepherdstown register and Jefferson County advertiser</subfield></datafield><datafield ind1=" " ind2=" " tag="260"><subfield code="a">Shepherdstown, Va. [W. Va.] :</subfield><subfield code="b">Hardy &amp; Henry W. McAnly,</subfield></datafield><datafield ind1=" " ind2=" " tag="300"><subfield code="a">v.</subfield></datafield><datafield ind1=" " ind2=" " tag="310"><subfield code="a">Weekly</subfield></datafield><datafield ind1="0" ind2=" " tag="362"><subfield code="a">Vol. 1, no. 1 (Dec. 4, 1849)-v. 91, no. 50 (Dec. 22, 1955).</subfield></datafield><datafield ind1=" " ind2=" " tag="500"><subfield code="a">Editors: Hardy &amp; McAnly, Dec. 4, 1849; McAnly, May 28, 1850;  McAnly and Entler, June 5, 1850; John. H. Zittle, Nov., 1853-Nov., 1882; J.W. &amp; H.L. Snyder, 1882-1884; H.L. Snyder, Oct. 1884-1935; William B. Snyder, 1935- 1942; Martha White Snyder, 1942-1948; William B. Snyder, 1948-Dec. 22, 1955.</subfield></datafield><datafield ind1=" " ind2=" " tag="500"><subfield code="a">Issued a special centennial edition, Dec. 4, 1949 in four sections.</subfield></datafield><datafield ind1=" " ind2=" " tag="515"><subfield code="a">Suspended Dec. 10, 1852-1853, and June 15, 1861-July 15, 1865.</subfield></datafield><datafield ind1=" " ind2="0" tag="651"><subfield code="a">Shepherdstown (W. Va.)</subfield><subfield code="v">Newspapers.</subfield></datafield><datafield ind1=" " ind2="7" tag="655"><subfield code="a">Newspapers.</subfield><subfield code="2">fast</subfield><subfield code="0">(OCoLC)fst01423814</subfield></datafield><datafield ind1=" " ind2="7" tag="651"><subfield code="a">West Virginia</subfield><subfield code="z">Shepherdstown.</subfield><subfield code="2">fast</subfield><subfield code="0">(OCoLC)fst01229532</subfield></datafield><datafield ind1=" " ind2=" " tag="752"><subfield code="a">United States</subfield><subfield code="b">West Virginia</subfield><subfield code="c">Jefferson</subfield><subfield code="d">Shepherdstown.</subfield></datafield></record>